<marc:record>
        <marc:leader>03509cam a2200649 a 4500</marc:leader>
        <marc:controlfield tag="001">196864</marc:controlfield>
        <marc:controlfield tag="005">20141120165558.0</marc:controlfield>
        <marc:controlfield tag="008">851111s1767    enk           00010 eng d</marc:controlfield>
        <marc:datafield ind1=" " ind2=" " tag="035">
            <marc:subfield code="a">(OCoLC)ocm16112485</marc:subfield></marc:datafield>
        <marc:datafield ind1=" " ind2=" " tag="035">
            <marc:subfield code="a">(OCoLC)16112485</marc:subfield>
        </marc:datafield>
        <marc:datafield ind1=" " ind2=" " tag="035">
            <marc:subfield code="a">(CStRLIN)PAUG85-B40260</marc:subfield>
        </marc:datafield>
        <marc:datafield ind1=" " ind2=" " tag="035">
            <marc:subfield code="a">(CaOTULAS)121282485</marc:subfield>
        </marc:datafield>
        <marc:datafield ind1=" " ind2=" " tag="035">
            <marc:subfield code="9">ABC1534</marc:subfield>
        </marc:datafield>
        <marc:datafield ind1=" " ind2=" " tag="035">
            <marc:subfield code="a">196864</marc:subfield>
        </marc:datafield>
        <marc:datafield ind1=" " ind2=" " tag="040">
            <marc:subfield code="a">PU</marc:subfield>
            <marc:subfield code="c">PU</marc:subfield>
        </marc:datafield>
        <marc:datafield ind1=" " ind2=" " tag="090">
            <marc:subfield code="a">PR3291.A6</marc:subfield>
            <marc:subfield code="b">L32 1767</marc:subfield>
            <marc:subfield code="i">11/11/85 CT</marc:subfield>
        </marc:datafield>
        <marc:datafield ind1="0" ind2=" " tag="100">
            <marc:subfield code="a">Lady.</marc:subfield>
        </marc:datafield>
        <marc:datafield ind1="1" ind2="4" tag="245">
            <marc:subfield code="a">The history of Miss Pittborough :</marc:subfield>
            <marc:subfield code="b">in a series of letters /</marc:subfield>
            <marc:subfield code="c">by a Lady : in two volumes.</marc:subfield>
        </marc:datafield>
        <marc:datafield ind1="3" ind2="0" tag="246">
            <marc:subfield code="a">The history of Miss Pittborough. In a series of letters. By a lady. In two volumes.</marc:subfield>
            <marc:subfield code="d">Letter-press</marc:subfield>
            <marc:subfield code="g">Full</marc:subfield>
            <marc:subfield code="x">Volume</marc:subfield>
            <marc:subfield code="v">v.1</marc:subfield>
        </marc:datafield>
        <marc:datafield ind1="3" ind2="0" tag="246">
            <marc:subfield code="a">The history of Miss Pittborough. In a series of letters. By a lady. In two volumes.</marc:subfield>
            <marc:subfield code="d">Letter-press</marc:subfield>
            <marc:subfield code="g">Full</marc:subfield>
            <marc:subfield code="x">Volume</marc:subfield>
            <marc:subfield code="v">v.2</marc:subfield>
        </marc:datafield>
        <marc:datafield ind1="0" ind2="7" tag="246">
            <marc:subfield code="a">The history of Miss Pittborough.</marc:subfield>
            <marc:subfield code="v">v.1</marc:subfield>
            <marc:subfield code="v">v.2</marc:subfield>
        </marc:datafield>
        <marc:datafield ind1="0" ind2="7" tag="246">
            <marc:subfield code="a">The history of (verso)</marc:subfield>
            <marc:subfield code="a">Miss Pittborough. (recto)</marc:subfield>
            <marc:subfield code="v">v.1</marc:subfield>
            <marc:subfield code="v">v.2</marc:subfield>
        </marc:datafield>
        <marc:datafield ind1=" " ind2=" " tag="260">
            <marc:subfield code="a">London</marc:subfield>
            <marc:subfield code="b">Printed for A. Millar, and T. Cadell in the Strand; and J. Johnson and Co. in Pater-noster Row.</marc:subfield>
            <marc:subfield code="c">1767.</marc:subfield>
            <marc:subfield code="c">MDCCLXVII.</marc:subfield>
        </marc:datafield>
        <marc:datafield ind1=" " ind2=" " tag="300">
            <marc:subfield code="a">2 v. ;</marc:subfield>
            <marc:subfield code="c">16 cm. (8vo)</marc:subfield>
            <marc:subfield code="x">Octavo</marc:subfield>
            <marc:subfield code="z">&quot;&quot;In two volumes.&quot;</marc:subfield>
            <marc:subfield code="a">[2 v.]</marc:subfield>
        </marc:datafield>
        <marc:datafield ind1=" " ind2=" " tag="500">
            <marc:subfield code="a">An epistolary novel.</marc:subfield>
        </marc:datafield>
        <marc:datafield ind1=" " ind2=" " tag="500">
            <marc:subfield code="a">Markings of acid paper having been between page 262 and 263. The shape of the marking is consistent with another acid marking on the final leaf of the book, and indicates that the acid paper was a bookmark.</marc:subfield>
        </marc:datafield>
        <marc:datafield ind1=" " ind2=" " tag="500">
            <marc:subfield code="a">Has been rebound in marbled paper and leather spine.</marc:subfield>
        </marc:datafield>
        <marc:datafield ind1=" " ind2=" " tag="500">
            <marc:subfield code="a">Two volumes bound in one book. Pagination discontinuous.</marc:subfield>
        </marc:datafield>
        <marc:datafield ind1=" " ind2=" " tag="500">
            <marc:subfield code="a">Advertisements facing t. p. of v. 2.</marc:subfield>
        </marc:datafield>
        <marc:datafield ind1=" " ind2=" " tag="500">
            <marc:subfield code="a">Ink spray on verso of second leaf.</marc:subfield>
        </marc:datafield>
        <marc:datafield ind1=" " ind2=" " tag="500">
            <marc:subfield code="a">Printer\'s ornaments between each letter; passage of time demarcated by asterisks (e.g. v. 2 p. 271).</marc:subfield>
        </marc:datafield>
        <marc:datafield ind1="4" ind2=" " tag="510">
            <marc:subfield code="a">ESTC (RLIN)</marc:subfield>
            <marc:subfield code="c">T108052</marc:subfield>
        </marc:datafield>
        <marc:datafield ind1="4" ind2=" " tag="510">
            <marc:subfield code="a">Raven, J.  British fiction, 1750-1770,</marc:subfield>
            <marc:subfield code="c">1077</marc:subfield>
        </marc:datafield>
        <marc:datafield ind1="4" ind2=" " tag="510">
            <marc:subfield code="a">Block, A.  Engl. novel (1961 ed.),</marc:subfield>
            <marc:subfield code="c">p. 107</marc:subfield>
        </marc:datafield>
        <marc:datafield ind1=" " ind2=" " tag="590">
            <marc:subfield code="a">Bound in 1 volume.</marc:subfield>
        </marc:datafield>
        <marc:datafield ind1=" " ind2=" " tag="592">
            <marc:subfield code="a">Epistolary</marc:subfield>
        </marc:datafield>
        <marc:datafield ind1=" " ind2=" " tag="595">
            <marc:subfield code="a">Pencil</marc:subfield>
            <marc:subfield code="b">Numbers</marc:subfield>
            <marc:subfield code="v">v.1</marc:subfield>
            <marc:subfield code="x">Transcription: &quot;&quot;21&quot;&quot;</marc:subfield>
            <marc:subfield code="x">On full title page.&quot;</marc:subfield>
        </marc:datafield>
        <marc:datafield ind1=" " ind2=" " tag="595">
            <marc:subfield code="a">Pencil</marc:subfield>
            <marc:subfield code="b">Numbers and letters</marc:subfield>
            <marc:subfield code="x">Transcription: &quot;&quot;30w&quot;&quot;</marc:subfield>
            <marc:subfield code="x">On recto of first leaf.&quot;</marc:subfield>
        </marc:datafield>
        <marc:datafield ind1=" " ind2=" " tag="599">
            <marc:subfield code="a">Author (text)</marc:subfield>
            <marc:subfield code="b">Generic/Descriptive</marc:subfield>
            <marc:subfield code="2">By a lady</marc:subfield>
            <marc:subfield code="3">Full title page of v.1</marc:subfield>
            <marc:subfield code="5">Female</marc:subfield>
        </marc:datafield>
        <marc:datafield ind1=" " ind2="4" tag="650">
            <marc:subfield code="a">CHR 1767</marc:subfield>
        </marc:datafield>
        <marc:datafield ind1=" " ind2="4" tag="650">
            <marc:subfield code="a">PRO Singer, Jacob (Donor)</marc:subfield>
        </marc:datafield>
        <marc:datafield ind1=" " ind2="4" tag="650">
            <marc:subfield code="a">PRO Singer, Leah (donor)</marc:subfield>
        </marc:datafield>
        <marc:datafield ind1=" " ind2="4" tag="650">
            <marc:subfield code="a">PRO Singer, Godfrey F. (honoree)</marc:subfield>
        </marc:datafield>
        <marc:datafield ind1=" " ind2="7" tag="655">
            <marc:subfield code="a">Epistolary fiction</marc:subfield>
            <marc:subfield code="z">England</marc:subfield>
            <marc:subfield code="y">18th century</marc:subfield>
            <marc:subfield code="2">rbgenr</marc:subfield>
        </marc:datafield>
        <marc:datafield ind1=" " ind2="7" tag="655">
            <marc:subfield code="a">Booksellers\' advertisements</marc:subfield>
            <marc:subfield code="z">England</marc:subfield>
            <marc:subfield code="y">18th century</marc:subfield>
            <marc:subfield code="2">rbgenr</marc:subfield>
        </marc:datafield>
        <marc:datafield ind1=" " ind2=" " tag="656">
            <marc:subfield code="a">Fiction</marc:subfield>
            <marc:subfield code="b">Middle</marc:subfield>
            <marc:subfield code="c">Same publisher</marc:subfield>
            <marc:subfield code="x">Located between the end of the first volume and the full title page of the second volume, so it is unclear whether the advertisement is at the back or v.1 or the front of v.2.</marc:subfield>
        </marc:datafield>
        <marc:datafield ind1=" " ind2=" " tag="700">
            <marc:subfield code="a">Millar, Andrew</marc:subfield>
            <marc:subfield code="d">1707-1768</marc:subfield>
            <marc:subfield code="4">Printed for</marc:subfield>
            <marc:subfield code="5">Authorized</marc:subfield>
        </marc:datafield>
        <marc:datafield ind1=" " ind2=" " tag="700">
            <marc:subfield code="a">Cadell, T</marc:subfield>
            <marc:subfield code="d">1742-1802</marc:subfield>
            <marc:subfield code="4">Printed for</marc:subfield>
            <marc:subfield code="5">Authorized</marc:subfield>
        </marc:datafield>
        <marc:datafield ind1=" " ind2=" " tag="700">
            <marc:subfield code="a">Cadell, T</marc:subfield>
            <marc:subfield code="d">1742-1802</marc:subfield>
            <marc:subfield code="4">Printed for</marc:subfield>
            <marc:subfield code="5">Authorized</marc:subfield>
        </marc:datafield>
        <marc:datafield ind1=" " ind2=" " tag="710">
            <marc:subfield code="a">Johnson, J</marc:subfield>
            <marc:subfield code="4">Printed for</marc:subfield>
            <marc:subfield code="5">Unauthorized</marc:subfield>
        </marc:datafield>
        <marc:datafield ind1=" " ind2=" " tag="710">
            <marc:subfield code="a">Johnson, J and Co.</marc:subfield>
            <marc:subfield code="4">Printed for</marc:subfield>
            <marc:subfield code="5">Authorized</marc:subfield>
        </marc:datafield>
        <marc:datafield ind1="2" ind2=" " tag="710">
            <marc:subfield code="a">Collection of British and American Fiction, 1660-1830 (University of Pennsylvania)</marc:subfield>
            <marc:subfield code="5">PU</marc:subfield>
        </marc:datafield>
        <marc:datafield ind1="2" ind2=" " tag="710">
            <marc:subfield code="a">Early Novels</marc:subfield>
            <marc:subfield code="5">University of Pennsylvania</marc:subfield>
        </marc:datafield>
        <marc:datafield ind1=" " ind2=" " tag="950">
            <marc:subfield code="l">RBC</marc:subfield>
            <marc:subfield code="e">\\\\Singer-\\Menden-\\hall\\</marc:subfield>
            <marc:subfield code="v">2 v.</marc:subfield>
            <marc:subfield code="i">11/11/85 C</marc:subfield>
        </marc:datafield>
        <marc:datafield ind1=" " ind2=" " tag="955">
            <marc:subfield code="l">RBC</marc:subfield>
            <marc:subfield code="c">1:(v.1-2)</marc:subfield>
            <marc:subfield code="q">725440</marc:subfield>
            <marc:subfield code="s">g. Mr. and Mrs. Jacob Singer</marc:subfield>
            <marc:subfield code="i">11/11/85 C</marc:subfield>
        </marc:datafield>
        <marc:datafield ind1=" " ind2=" " tag="989">
            <marc:subfield code="2">History</marc:subfield>
            <marc:subfield code="5">Miss Pittborough</marc:subfield>
            <marc:subfield code="2">Series</marc:subfield>
            <marc:subfield code="2">Letter</marc:subfield>
            <marc:subfield code="7">Letter</marc:subfield>
            <marc:subfield code="2">Lady</marc:subfield>
            <marc:subfield code="3">Two</marc:subfield>
            <marc:subfield code="2">Volume</marc:subfield>
        </marc:datafield>
        <marc:datafield ind1=" " ind2=" " tag="999">
            <marc:subfield code="a">KS</marc:subfield>
            <marc:subfield code="b">6/29/15</marc:subfield>
            <marc:subfield code="c">University of Pennsylvania</marc:subfield>
            <marc:subfield code="d">GE</marc:subfield>
        </marc:datafield>
    </marc:record>